@misc{BMXNet17,
  title = {BMXNet: an open-source binary neural network library},
  year = {2017}, 
  howpublished = "\url{https://github.com/hpi-xnor}"
}

@misc{Mina17,
title = {Conditional Adversarial Network for Semantic Segmentation of Brain Tumor},
year = {2017},
authors = {Mina Rezaei, Konstantin Harmuth, Willi Gierke, Thomas Kellermeier, Martin Fischer, Haojin Yang, Christoph Meinel}
}

@incollection{GANs,
title = {Generative Adversarial Nets},
author = {Goodfellow, Ian and Pouget-Abadie, Jean and Mirza, Mehdi and Xu, Bing and Warde-Farley, David and Ozair, Sherjil and Courville, Aaron and Bengio, Yoshua},
booktitle = {Advances in Neural Information Processing Systems 27},
editor = {Z. Ghahramani and M. Welling and C. Cortes and N. D. Lawrence and K. Q. Weinberger},
pages = {2672--2680},
year = {2014},
publisher = {Curran Associates, Inc.},
url = {http://papers.nips.cc/paper/5423-generative-adversarial-nets.pdf}
}

@article{cGANs,
  author    = {Phillip Isola and
               Jun{-}Yan Zhu and
               Tinghui Zhou and
               Alexei A. Efros},
  title     = {Image-to-Image Translation with Conditional Adversarial Networks},
  journal   = {CoRR},
  volume    = {abs/1611.07004},
  year      = {2016},
  url       = {http://arxiv.org/abs/1611.07004},
  timestamp = {Wed, 07 Jun 2017 14:41:37 +0200},
  biburl    = {http://dblp.uni-trier.de/rec/bib/journals/corr/IsolaZZE16},
  bibsource = {dblp computer science bibliography, http://dblp.org}
}

@MISC{KDnuggets_GAN,
    author = {{KDnuggets™, Business Analytics, Big Data, Data Mining, Data Science, and Machine Learning}},
    title = {Generative Adversarial Networks – Hot Topic in Machine Learning },
    year = {2017},
    note = {[Online; accessed september 18, 2016]},
    url = {http://www.kdnuggets.com/wp-content/uploads/generative-adversarial-network.png}
}

@article{scikit-learn,
 title={Scikit-learn: Machine Learning in {P}ython},
 author={Pedregosa, F. and Varoquaux, G. and Gramfort, A. and Michel, V.
         and Thirion, B. and Grisel, O. and Blondel, M. and Prettenhofer, P.
         and Weiss, R. and Dubourg, V. and Vanderplas, J. and Passos, A. and
         Cournapeau, D. and Brucher, M. and Perrot, M. and Duchesnay, E.},
 journal={Journal of Machine Learning Research},
 volume={12},
 pages={2825--2830},
 year={2011}
}

@article{journals/tmi/MenzeJBKFKBPSWL15,
  added-at = {2016-10-17T00:00:00.000+0200},
  author = {Menze, Bjoern H. and Jakab, András and Bauer, Stefan and Kalpathy-Cramer, Jayashree and Farahani, Keyvan and Kirby, Justin and Burren, Yuliya and Porz, Nicole and Slotboom, Johannes and Wiest, Roland and Lanczi, Levente and Gerstner, Elizabeth R. and Weber, Marc-André and Arbel, Tal and Avants, Brian B. and Ayache, Nicholas and Buendia, Patricia and Collins, D. Louis and Cordier, Nicolas and Corso, Jason J. and Criminisi, Antonio and Das, Tilak and Delingette, Herve and Demiralp, Çagatay and Durst, Christopher R. and Dojat, Michel and Doyle, Senan and Festa, Joana and Forbes, Florence and Geremia, Ezequiel and Glocker, Ben and Golland, Polina and Guo, Xiaotao and Hamamci, Andac and Iftekharuddin, Khan M. and Jena, Raj and John, Nigel M. and Konukoglu, Ender and Lashkari, Danial and Mariz, José Antonio and Meier, Raphael and Pereira, Sérgio and Precup, Doina and Price, Stephen J. and Raviv, Tammy Riklin and Reza, Syed M. S. and Ryan, Michael T. and Sarikaya, Duygu and Schwartz, Lawrence H. and Shin, Hoo-Chang and Shotton, Jamie and Silva, Carlos A. and Sousa, Nuno and Subbanna, Nagesh K. and Székely, Gábor and Taylor, Thomas J. and Thomas, Owen M. and Tustison, Nicholas J. and Ünal, Gözde B. and Vasseur, Flor and Wintermark, Max and Ye, Dong Hye and Zhao, Liang and Zhao, Binsheng and Zikic, Darko and Prastawa, Marcel and Reyes, Mauricio and Leemput, Koen Van},
  biburl = {https://www.bibsonomy.org/bibtex/21e4db3d0f22d067c26a36fbc047c023c/dblp},
  ee = {http://dx.doi.org/10.1109/TMI.2014.2377694},
  interhash = {5936d661add33936f7e7d3330d5be193},
  intrahash = {1e4db3d0f22d067c26a36fbc047c023c},
  journal = {IEEE Trans. Med. Imaging},
  keywords = {dblp},
  number = 10,
  pages = {1993-2024},
  timestamp = {2016-10-18T11:33:16.000+0200},
  title = {The Multimodal Brain Tumor Image Segmentation Benchmark (BRATS).},
  url = {http://dblp.uni-trier.de/db/journals/tmi/tmi34.html#MenzeJBKFKBPSWL15},
  volume = 34,
  year = 2015
}

@article{DBLP:journals/corr/RonnebergerFB15,
  author    = {Olaf Ronneberger and
               Philipp Fischer and
               Thomas Brox},
  title     = {U-Net: Convolutional Networks for Biomedical Image Segmentation},
  journal   = {CoRR},
  volume    = {abs/1505.04597},
  year      = {2015},
  url       = {http://arxiv.org/abs/1505.04597},
  timestamp = {Wed, 07 Jun 2017 14:40:33 +0200},
  biburl    = {http://dblp.uni-trier.de/rec/bib/journals/corr/RonnebergerFB15},
  bibsource = {dblp computer science bibliography, http://dblp.org}
}

@article{DBLP:journals/corr/SalimansGZCRC16,
  author    = {Tim Salimans and
               Ian J. Goodfellow and
               Wojciech Zaremba and
               Vicki Cheung and
               Alec Radford and
               Xi Chen},
  title     = {Improved Techniques for Training GANs},
  journal   = {CoRR},
  volume    = {abs/1606.03498},
  year      = {2016},
  url       = {http://arxiv.org/abs/1606.03498},
  timestamp = {Wed, 07 Jun 2017 14:40:52 +0200},
  biburl    = {http://dblp.uni-trier.de/rec/bib/journals/corr/SalimansGZCRC16},
  bibsource = {dblp computer science bibliography, http://dblp.org}
}

@article{DilatedNet2015,
  author    = {Fisher Yu and
               Vladlen Koltun},
  title     = {Multi-Scale Context Aggregation by Dilated Convolutions},
  journal   = {CoRR},
  volume    = {abs/1511.07122},
  year      = {2015},
  url       = {http://arxiv.org/abs/1511.07122},
  timestamp = {Wed, 07 Jun 2017 14:40:43 +0200},
  biburl    = {http://dblp.uni-trier.de/rec/bib/journals/corr/YuK15},
  bibsource = {dblp computer science bibliography, http://dblp.org}
}

@article{RefineNet2016,
  title={RefineNet: Multi-Path Refinement Networks for High-Resolution Semantic Segmentation},
  author={Guosheng Lin and Anton Milan and Chunhua Shen and Ian D. Reid},
  journal={CoRR},
  year={2016},
  volume={abs/1611.06612}
}

@article{segnet2,
  title={SegNet: A Deep Convolutional Encoder-Decoder Architecture for Robust Semantic Pixel-Wise Labelling},
  author={Badrinarayanan, Vijay and Handa, Ankur, and Cipolla, Roberto},
  journal={arXiv preprint arXiv:1505.07293},
  year={2015}
}

@article{CascadedFCN,
  author    = {Patrick Ferdinand Christ and
               Mohamed Ezzeldin A. Elshaer and
               Florian Ettlinger and
               Sunil Tatavarty and
               Marc Bickel and
               Patrick Bilic and
               Markus Rempfler and
               Marco Armbruster and
               Felix Hofmann and
               Melvin D'Anastasi and
               Wieland H. Sommer and
               Seyed{-}Ahmad Ahmadi and
               Bjoern H. Menze},
  title     = {Automatic Liver and Lesion Segmentation in {CT} Using Cascaded Fully
               Convolutional Neural Networks and 3D Conditional Random Fields},
  journal   = {CoRR},
  volume    = {abs/1610.02177},
  year      = {2016},
  url       = {http://arxiv.org/abs/1610.02177},
  timestamp = {Wed, 07 Jun 2017 14:42:23 +0200},
  biburl    = {http://dblp.uni-trier.de/rec/bib/journals/corr/ChristEETBBRAHD16},
  bibsource = {dblp computer science bibliography, http://dblp.org}
}

@article{VNET,
  author    = {Fausto Milletari and
               Nassir Navab and
               Seyed{-}Ahmad Ahmadi},
  title     = {V-Net: Fully Convolutional Neural Networks for Volumetric Medical
               Image Segmentation},
  journal   = {CoRR},
  volume    = {abs/1606.04797},
  year      = {2016},
  url       = {http://arxiv.org/abs/1606.04797},
  timestamp = {Wed, 07 Jun 2017 14:40:44 +0200},
  biburl    = {http://dblp.uni-trier.de/rec/bib/journals/corr/MilletariNA16},
  bibsource = {dblp computer science bibliography, http://dblp.org}
}